<?xml version="1.0" encoding="UTF-8"?><collection xmlns="http://www.loc.gov/MARC21/slim"><record><leader>00313nam--2200109-i-4500</leader><controlfield tag="001">000003887</controlfield><controlfield tag="002">20161230</controlfield><controlfield tag="005">20161230201025</controlfield><controlfield tag="008">060222s1000------------r-----000-0-eng-d</controlfield><datafield ind1=" " ind2=" " tag="080"><subfield code="a">621.843</subfield></datafield><datafield ind1=" " ind2=" " tag="245"><subfield code="a">Cai de marire a productivitatii si preciziei l a prelucrarea rotilor dintate</subfield></datafield><datafield ind1=" " ind2=" " tag="260"><subfield code="a">Bucuresti, I.D.T., 1955. 169 P</subfield></datafield></record></collection>